11122432112341343224224332123143124121431221111213111234224444422242422424242241212242222321422224412341423242312321413244244421424111131222
32422343211113123133243112132321322323224242113414224224323332123233222434112343212223214322231223232343213432224321222333333323421242422432
23332311342234342244413121432342422423133333242232133331322222343424223232412343221343214342442424142321241434312323331244224223432143333434
14242442133231234212222432114243213244442424233232214122423434141412321143212341134243424323123312322424121412341141214321232321434321222412
11411331444244122231234222212322221132313333222234331343123434143434123233424323214243212322221242223212323232441232243213222323432243432133
12342242233311123412222331132323112232224242411242224323423232323232424442414321234112321321323113123224323231313333232244141123232123134222
42321231132222213131444444414441434122333333122131132124224412123232123333134321232123321112322442222434141432211214131232343244422212222313
12244424424313324442231333331333432134244422232422432113233132141433142122121321224232323341143311232121123312234222211232323233433234321422
23131333114112143332222222222222232422233333412333432242224422322222122143244421223334324243342441434244222324111332442422142222242434143332
33214222121234122122412212323313432313224222234242412321312223113334243123433322143411312322222321434332132234244224331334222342231232322422
42431313243243323123434122124241414241412111212132222124341342444143324412224223143114222222111113232234114232333242242214334343244232323132
23234321243414123423422322323312434142221232424123232424422143331122123433232124223422434332444232242231331232221213133134222213223232322412
22222124221231123133234124343143232213244143331312422324323222212111123422231212423233112414333112332222324211343424444214123414243214342414
21333123214222222421412311313423232334331314244221314414321131444224323113231432314422442222222212114324321234143433123131341433322422343212
14424442422321231322334122422223213432222323113334321234224222433332122241411434212312333342431322234324323222222222242244223212222334122234
32323111331321111243212333131342413211112311224224244232133332212224213312312112124342444243431434332324323233332422323333121241331222332434
24322224244224444231134123414243311123142444223411332321224424341413242213212241231343231321213221244424342444442432212244223232424224222412
14123333321143333434212121233321221232143233113222224242222222223343232114343343122222232124424242113232123331313432234121311421323123122232
12324412422232222222132133242223131442323212224243432333343412221241241411342342211133214422333333222232422242223112432342423414343241243432
24422222333121432242423241113242412321341231112343432424243221432122222232222322432242231332212421223233232121144222122323123231323122343414
21214331442423134332323212214221411414142424122221212133323243432323333232312243123132224422322311341442432313123343331422122222121333123234
13432122212322122114213233231333432122243343343213234242422123422342444424242123421434213212222322121133432342441222124331111331122424321242
42224313224324341423242424234321423331342214123341434332121121224343212222141323213234132243434141242222232131232424242121232422343331121232
31311213431124113322233332222321414442243413222141234141224214321322231234322134221232222341234332133311142412232334143213221322324121321232
24243321231224124221414414321322432123243212334113232321412332222124414232323132341234212113212223412244123312424242323244444243421124321434
13321234223212333323133314341421212322221211424244234223232221341421212234224334321432131222231122343131324222323112123233131343131133312234
42123123334224422113242224323121244214341222114323431121132321313123232234233222223234244234222112341234222312312442112221232222222324244232
14414442222333224324113112423242233234243333232313224242424342424243411214324123422422131234341412323313234321141331422242213133333223313244
21433311412123431231321241222221212221241224411324423133312343333343233432312243212234224224333112322342434341132442331323221444442432142231
13222224333412214142123313412342442112142223232442321424242222242122242234123144411234311332222222414341232222143212422243242221213414123212
22211112242134212313214243234143331212123423133132322213213331122121232233142223221234224221432341132143242432233312312311413424421234341234
33422241211422232323223113232422422424243224422432123244422241214314321224233323243432121333134342212311232432322224242242222233312124322433
11333311212223422244232412222113213424321431112321141231432121234242112342312221223213322422432223142442232412243333232233222222222332323244
24412411233341423323221422311424422432423234224234132242442323211112322123422424223224243231132144243232421113222244444424333412321322321131
13324324221342112143311231241131433212321211331234221333132441242421422113323333213433323434222121324232224424224213313133212134124341332244
42422343342211312321424243133222422412312224244111312424212232133322132144224242441422221211334322321244133123433322422212244422133321123332
11332422323232244413313322311223432134114333222232411232131422422243432323131123233231143234222341212332221412244143333421233314242221242211
14422231244231133123212121124123222422334212233232124222411312143222432341222424241432232213214113132224142131111222442423222222331311331244
12342422232124224233334114332324243422222423414424311313421223341131124241333332121234331432123212214321321422232433232124421412424442444133
22321341231323233122114331234322323424223123223334214321132112143421213321424221321311234141133121442242313233134222434222112132133231332122
42324221434144241412442222131342222223321423422222212134142434223233414413111132124124424324442323233312422442414331134141322422222242232311
42213312234331223432133123424222131341423113111232132142433134321242233222243243214333332323232323422241133333114224242322243313332111434141
23214213232222322422212343423123424212322224422432434224422212113311322232333123414122424422434243233132422422211232232312342444424123432222
23212412321224241224311123434243213231324321331223432341123422442424111142121212112342233333432321122223322112223221434122143113214323242432
43433224242433143331231214112343342424244444221323234122343433313333432121414242214323124422222412243214242321323413434134322212214323431434
44424233333244143224141311112324243233121321314121432234324422221212212322333333232343213214113132333222132424143421232212343243234321123432
12132242424232341231322124242422242212411424422343123412343132243231332323242112234321123434124412244234122222323432242324423213234321411234
23212321222211321212123323341234321242222232134123412432122412343424444444131314422311123214313232223234313332321212331131324244214324321432
14142242433312422331322142223232322233333222422222233422341232211333113132142123334223123222321431323214244442241442424341122331111123113214
11321233412441232424442312341244121222211422333233222212143212114222424222233424223323244221412424241431132213313123333112342221242424311223
12423121224123422322332421123332142421242133214444414121342232122333111333324231324323133343133131331232224312224222222424242424331332242413
43224143312343212322432234142222213333432422131233112342322221334124444424112222132322242223122212121211412144113323412233323332122221133321
43431144122121124143231432133433224242432213242222241332424341212331313312341132414421222422231321313432134333143413434242422242311334224243
43234222144422223123232221422242431213412424123432142441334311114222124224223421223332223333422434213132422222243221232234321332422124333322
23232311133313321143232342414131214322232232312434313222212324212341222132112223342222124242432313222243211314323424232222422423332124222121
21212324224244422341422243231112112223222232221412221433234224331131312222121314223331121111421422133321214242342233141133111124442332211412
43422424331333234321333122242222124144441434243214233323131331444223422143424421342222143321212132444243434211323242422424424123212241242223
43433234222221412343422433432232312331323433123432221244244221323322123323433231321232242223133432131341234322444214233322333123432421233342
21221232341131232113233222434244242222323212343214224233311341441221122444222242213231313312422213212122212123221123121424222413131333241211
23431234323211132124222221412323131233121412222432334242224223223422243313341312322222222211323134142123234242111244243132433122444242122444
43432132243244244423433113231442222434243231231232224333331121243233323214222324321343413123421432334142432332124333323434222122333321332133
23221234243113113213122244222332213422123422442132432122422121222444214422441234314323121121231232422133232422333222421222332442212221212242
44241434342244223222433333211231222131442233322424244421132444232323132313143214322424244444222232131222232134244441212224424313134142433234
43313232312313244231412114342142323422133422243314112343132133422343214222441232123143343331313434122213122431333123422333322242223333222234
42241232422442233422234123233314321312442211422412333322444242222221431131323214221412122224143414143412343412224243234244223133312222214242
14321214133331242213432332122322123211333432132214322441332234342232224442113211312321121233223234343432122212133123432113143214441411232131
22221212121222211222231321414444143142442223422231341332242431243214331323242123422412113124123232221224121432242433434222121121123132224444
12343211324244143433424422432333341211231122243211422241321224241232211223233412133232342412343132123423323134232123432333222222323242243132
21333312233332313212113343212222222422324413342431233112343213341234142143412131422232331431222131123424423422234243212422423331321123422221
32343213122121324241222222214121143234123142223223142331143422123431331343411122432414422232432432123113213123411311332341314424214321233112
13111314444222442333432124312341221432124221423212331123122234122242422241122143132312334242432333323422123242234143212311222324133313142423
24322122321333132322214331234223433222431323121131412212234242314321133312212323242222422312112244422434144213113343422441432134222424112424
12343342244422432113134242111342222134224222234141234232222232422343412441232321213422222221143221231432333324342243223332412441331131343433
14321243312343134224321313214223414424311232232312112434343333134122434313414314343223313342223422112232222422311321222222113434124232323242
12442142241324412331212222312343212324121234242424222114343114212331222342224243224244414213143223412414321132122312434342122432111232321231
41312343212243122222331331222223214324341232133333141422221241134222112321414423131213322341223423233331132222214143334332321232124422313231
42242243233421424331442441433424231142232324422242234234233223424122212223222324221122221322343224422242424342422232132144143432323314244244
13131121232432434222323232113132222221111113133232123432211321214243314323434222343341442421123432213133334312333422211123343434121423333331
44222123122232222411332232124221343214122322422432313214341412311343212143424114324423423212341234143122222324242411232122221232224112342224
12342343213412142214221412133314223132212312332434142224343132142322432123431324121222223231123132224134224423321222432212123212123132132111
14324223113131333331343222111123224231331224142432333132123212313233432224232222111134322442122221433232133224423431432333343434122432242221
22213423424232442214322214321143432444424334312242142224223232322222122442143233422422343332114323244412222133321241432414243232331212312342
43213123432242133312123232343343222321321232311331321113341424342311422232323421433424222442232321132131244224421122232122222424321432111313
43432121232332122211313234342321432122421442422444223411113214341232333432123214422233122332331321234144232132111433132131133213312224242242
41231131222442343424224122341123112431331333143213331434122232222244442414424422143112342442424222422333234123312124444243424412223323333331
12441142243331243133231322222321431334242222222244243232231234333332113133333122341413323321113332341222234312242432333311232121414442124424
41332123322422221242234323434142212213233333313323233244442321244244422242222242313432122242122124342431234123433132242224442232132333113211
32312322241134112331234123434331133122424221212442241233123341212321321311111322421214333333424412323424222232224214313433233142242422223111
22324342223432123414221323212222224422311214242313313221214223112124221412222433132244242441132312321213233241333122343224442223313314144242
12322343322222431212324224423413333331212414332342141221131242224323142224333123433111232123242214342222444421244112122233332342222241333332
14242142214313142224323331323424244422423332322212342312244234132342223331222123412222424321223112141211312323231214441221222121134212222421
24312313434122432331342424123432313213324243323134342221333232224321341224142123211333112144242222243232244422234112322243241422434243412322
32222341232141414244123322323232224224421321441434323242244214323234123424333123424242222222332313341234131331232122323323143243331313414341
43112222242223231312222234323244131113123143213222223233211213243412343232422441432321233334124422143214214422234314342444223224442224232341
11242331313323212322432124441433224222422223221223244444224122243224322242123134232324241424313142312322222324424112223132122232123143242321
23234112444242432112321311221212333233333141211121233222132341121232111323432122412434211112123122141432131321314143422232442234141223232141
23434242232113132111242224321124214224442243432434242132224323122222412342231313212211323424244442323123242414321343241212331414332444221341
42112132123124244222233331342423112313131323423423332122212342243133431343212222131442423233342332143414123231332223231414242234212232412224
11124424244421123133424242123113122123412223211212424343323321312424412143223433414333123241422422323432124224222134223432223131231232221334
41433331232311242342422312224244143343234122143131234341432242111323224341234111321222122222113134322212421313342211313232442241411234144244
43421222224424231221232323411323324223422322312444212323111432244143332342223224321132122322222422312314322224423234222422331322433234233432
22243343213331434123412243212222221243211322211321132342242434322341132123423234121231332342322322122323221432322212323312422143144234241244
21314321424441121323423323213131323221434244442414324323243232242321432143223214343412414341422341422442133221321222124412333422232131313212
22421231132212314321412223144424243423214331333234122243223242242213324123424424322433332322224343323211221142444233332324422432232132123134
41232244232314321432132422223323311123422222422232313221121233143421433111231312323222212333312321224442444241332132342123133222214423242434
33242333212322244122123434324222424223113321324224321444424441243232322111234224124143414122112321412331333312242424321421122412232324332212
24232244212343123211312433222222234324444241411331133133333223122232121231234232133433312244424213331112242223113322123312343132244122212231
21122212311242421214342221132343222323313343134224222224221311211112313321231232122412241233331224422223113114222244224232123412312214123414
42242221224223333434141312211323424222422223434331333311124143214134212422244424231212113221222132333334212123132121333233133232442343341234
43333332123324242232341143412442213333313321234224422113313343432422433331323332313231442241444244424243234322444224224444421412313114224232
42244211341423111242423241231331244424442223222333342214242143212313124412124224412424212123133323131213212322333223111233122224224122131234
13312212223313213331324243422432133222331444444224122433311121212422411234321131122321231324212422222241234222222242421222232333132321222144
42242331124222222224421141212224224232222232332211133212222123231331431432312224214324414343211331313123424123222133332123434244224421214214
12312414311122233311234324232234131114423212222432222221234343111242131234121321331323334143212444143221432323244424243342414123313211432131
41413322121343424243212323231231132111311234113234143213222322241432212432234212421222422321233122121442234323413332112321231324223411222214
23222244214323413342241222141214323424222424244422142444422422342434232244212431323432233124444224324333432141422232211123431422321123433423
23222313312123222224233412313432141233131331331232122112313332313433131131113224143434121341331334342442224323131121433222413212313332222132
24413242222323231333242232341232143242444242222132111234124442241212444224423212323422324232222422221322331342422223244231123232314121342441
13224321332342422241231442322422322213132123424441432223333112122331113113314222223234123433343214242444244223313323231212322432332324243313
24422312114343311332123221323332314321424341233333122312222412341424343214221231322421213224213234332121111224241441234121222312214323312213
31334322332322212342441434224414312241234343222424414324143212313331222422111342212322424423123232424122424231113111232313434321434242421144
44222312244211442222133133332321242241232123121212231314322421424224231334244223424213412313213211323313331231424234232422432311234332314313
23122421223241233114222242414142333143221422223332242422323423222331134212334143233421431324444422334224414341432112441232222222232124342321
31212311223243412231334123222243424243233234341422333331123421231212222142224123213222212441321334123132334321242422123412332341232312122331
42431142444243212122124322221321233341222434322334124214323414321412341211312342424244441212224422242214212324222131323212212341112422221212
13111433332322224321431123322424212221332222222221231331122424322431323224421123131333432112131224131234222323322241422124242342433333422133
23241232222323334343331444243124321212244212321132222224241414123432441231314413242224221234341234112321314341423321232134332123424242433414
23233334214444212222222233323431111331132133421434214321123432421234333212223324123123212312311234224414424321321223432142424322231323222233
41211212332332134234131222223222224444232111133122232312423232123422141232323133341243431112323224233323212324424413432223224341412123233212
32414321222222233431212133322113323331114441432143224422323432123333313234141442224343412212242441221423232321333123132323212323232124122141
23123421331341132224231114321444444424412331433143113234212411124422412234333133432222232432132132342113122222222434122412132321432112214321
14423211321222221313221422143213132111232121432244223412432122212324234222121222232133223234244212312314243332311121323332444242414134332242
12333414243334144444143433321424222123422341212123243213424314321241232313313212422444414422332232112421342421432134224422333133134222224332
24322434341424333321323422214321321322231343222342221421211222141223221424222131332233112322222422243132123232131313412311141224212314122144
31343122323232222422121234312121324113132142234341332422142232123424233212124422442222143214123233123212221232123432314321222413124123232112
41422432122112213212123422242312323244243211414341143132312411342233222234212313211131232412322122444244424142323231212311331242432421243211
12133223422424422231323233132322323132131323212321231132312332244213211431332324321411342434224332312132332321123112112124422212112312322424
23422143433333132424244442412343422432122143332223324412442243321222431232424421343212423232334242341224222321244412322321321432444242213333
32333323422222432333333233211413231412213342222341433332331332323433224232132134322431322244222323323333342141333321314324123434333143324242
41432423211121124242224221234311412223112243212314321442442442243424222234232222321414343113212122444224423342224232124311422412242212312321
